@article{abramsYoon,
  author ="David S. Abrams and Albert H. Yoon",
  title=The Luck of the Draw: Using Random Case Assignment to Investigate Attorney Ability.",
  journal ="The University of Chicago Law Review",
  volume ="74",
  number ="4",
  page="1145–1177",
  year ="2007"
  DOI="JSTOR, www.jstor.org/sta"
}

@article{anagolSantosh,
author="Anagol and Santosh, et al.",
title="Understanding the Advice of Commissions-Motivated Agents: Evidence from the Indian Life Insurance Market.",
journal="Review of Economics and Statistics",
volume="MIT Press Journals",
pages="1-15",
year="Feb. 2017",
DOI="https://doi.org/10.1162/REST_a_00625"
}

@article{jamesHeaton,
author="James M. Anderson and Paul Heaton",
title="How Much Difference Does the Lawyer Make? The Effect of Defense Counsel on Murder Case Outcomes.",
journal="The Yale Law Journal",
volume="122",
number="1",
pages="154–-217",
year="2012",
DOI="JSTOR, www.jstor.org/stable/23528652."
}

@article{andrabiTahir,
author="Andrabi and Tahir, et al.",
title="Report Cards: The Impact of Providing School and Child Test Scores on Educational Markets.",
journal="American Economic Review",
volume="107",
number="6",
pages="1535–-1563",
year="June, 2017",
DOI="EBSCOhost, http://www.aeaweb.org/aer/."
}

@article{belot,
author="Belot and Michèle, et al",
title="Providing Advice to Jobseekers at Low Cost: An Experimental Study on Online Advice.",
journal="The Review of Economic Studies",
volume="86",
number="4",
pages="1411–-1447",
year="May, 2018",
DOI="EBSCOhost, http://www.aeaweb.org/aer/."
}

@article{chongGradstein,
author="Alberto Chong and MArk Gradstein",
title="On Education and Democratic Preferences.",
journal="Economics & Politics. Wiley Online Library",
pages="362–388",
year="14 July, 2015",
DOI="10.1111/ecpo.12061"
}

@article{stevensGordon,
author="Stevens H. Clarke and Elizabeth Ellen Gordon",
title="Public Sponsorship of Private Settling: Court-Ordered Civil Case Mediation.",
journal="Justice System Journal",
volume="19",
number="3",
pages="311–-339",
year="1997",
DOI="10.1080/23277556.1997.10871266."
}

@article{dranove,
author="David Dranove, et al.",
title="Is More Information Better? The Effects of ‘Report Cards’ on Health Care Providers.",
journal="Journal of Political Economy",
volume="111",
number="3",
pages="555–-588",
year="2003",
DOI="JSTOR, www.jstor.org/stable/10.1086/374180."
}

@article{dizonross,
author="Rebecca Dizon-Ross",
title="Parents’ Beliefs about Their Children’s Academic Ability: Implications for Educational Investments.",
journal="American Economic Review",
volume="109",
number="8",
pages="2728–-2765",
year="Aug, 2019",
DOI="EBSCOhost, http://www.aeaweb.org/aer/"
}

@article{greinerMatthews,
author="James D. Greiner and Andrea Matthews",
title="Randomized Control Trials in the United States Legal Profession.",
journal="Harvard Public Law",
year="Feb, 2016",
DOI="SSRN, 10.2139/ssrn.2726614."
}

@article{greiner,
author="D. James Greiner, et al.",
title="The Limits of Unbundled Legal Assistance: A Randomized Study in a Massachusetts District Court and Prospects for the Future.",
journal="Harvard Law Review",
volume="126",
pages="901–-989",
year="March, 2012",
DOI=" SSRN, dx.doi.org/10.2139/ssrn.1948286."
}

@article{jensen,
author="Robert Jensen",
title="The (perceived) returns to education and the demand for schooling.",
journal="The Quarterly Journal of Economics",
volume="125",
number="2",
pages="515–-548",
year="2010",
DOI="JSTOR, www.jstor.org/stable/27867489."
}

@article{kobbervig,
author="Wayne Kobbervig",
title="Mediation of Civil Cases in Hennepin County: An Evaluation.",
journal=" Research and Planning Office of the State Court Administrator.",
year="1991"
}

@article{mandellMarshall,
author="Marvin Mandell and Andrea Marshall",
title="The effects of court-ordered mediation in workers' compensation cases filed in Circuit Court: Results from an experiment conducted in the Circuit Court for Baltimore City.",
journal="MACRO, The Maryland Judiciary's Mediation and Conflict Resolution Office.",
year="2002",
DOI="https://www.mdcourts.gov/sites/default/files/import/macro/reports/baltcityworkercompreportfinal.pdf"
}

@article{miller,
author="David Miller",
title="Justice in Immigration.",
journal="European Journal of Political Theory",
pages="391–-408",
year="Oct, 2015",
DOI="SAGE Journals https://doi.org/10.1177/1474885115584833"
}

@article{reinikkaSvensson,
author="Ritva Reinikka and Jakob Svensson",
title="The Power of Information in Public Services: Evidence from Education in Uganda.",
journal="Journal of Public Economics",
pages="956–-966",
year="Aug, 2011",
DOI="ScienceDirect, https://doi.org/10.1016/j.jpubeco.2011.02.006"
}

%Revisar esto
@article{sadka,
author="Joyce Sadka, et al.",
title="Information and Bargaining through Agents: Experimental Evidence from Mexico’s Labor Courts.",
journal="National Bureau of Economic Research",
volume="25137",
year="Oct, 2018",
DOI="ProQuest, http://dx.doi.org/10.3386/w25137."
}

@article{seron,
author="Carroll Seron, et al.",
title="The Impact of Legal Counsel on Outcomes for Poor Tenants in New York City's Housing Court: Results of a Randomized Experiment.",
journal="Law & Society Review",
volume="35",
number="2",
pages="419–-434",
year="2001",
DOI="JSTOR, www.jstor.org/stable/3185408."
}
